@article{meyer1994rainfall,
  title={Rainfall simulators for soil erosion research},
  author={Meyer, LD},
  journal={Soil erosion research methods},
  volume={3},
  pages={83--103},
  year={1994},
  publisher={Soil and Water Conservation Society (Ankeny), St. Lucie press}
}
